@MISC{Memory_Alpha_Surak,
  author={Memory Alpha},
  howpublished={\url{http://memory-alpha.org/wiki/Surak}}
}

@INPROCEEDINGS{Hoffer11,
    author = {G. Hofferek and R. Bloem},
    title = {Controller Synthesis for Pipelined Circuits Using Uninterpreted Functions},
    booktitle = {ACM/IEEE Ninth International Conference on Formal Methods and Models for Codesign (MemoCODE)},
    year = {2011},
    note = {To appear}
}

@MISC{SMTLIB,
  author =	 {Clark Barrett and Aaron Stump and Cesare Tinelli},
  title =	 {{The Satisfiability Modulo Theories Library (SMT-LIB)}},
  howpublished = {{\tt www.SMT-LIB.org}},
  year =	 2010,
}
